@book{Dix04,
	author = {Dix, Alan and Finlay, Janet E. and Abowd, Gregory D. and Beale, Russell},
	title = {Human-Computer Interaction},
	edition = {3.},
	publisher = {Pearson Education Limited},
	address = {Essex, England},
	year = {2004},
	note = {ISBN 0-13-046109-1}
}


@ONLINE{Stanford09,
	author = {Surname, First Name},
	title = {This is a test entry of type {@ONLINE}},
	month = jun,
	year = {2009},
	url = {http://today.slac.stanford.edu/images/2009/colloquium-web-collide.jpg},
	note = {Last accessed 16 July 2013}
}

@misc{Iso9241-11,
	author = {{DIN EN ISO 9241-11}}, 
	type = {Norm},
	number = {DIN EN ISO 9241-11},
	month = {},
	year = {1998},
	title = {Ergonomic requirements for office work with visual display terminals - Part 11: Guidance on usability}
}

# alternative for online resource 
@misc{Patterson2013,
	author = {Patterson, Dave},
	title = {Dave Patterson's Writing Advice},
	year = {2013},
	url = {http://www.cs.berkeley.edu/~pattrsn/talks/writingtips.html},
	note = {Last accessed 16 July 2013}
}


@misc{Hall,
	author = {Hall, Shane},
	title = {How to Cite Page Numbers in APA Format},
	year = {2013},
	url = {http://www.ehow.com/how_5689799_cite-numbers-apa-format.html},
	note = {Last accessed 16 July 2013}
}

@article{Baddeley:1974ts,
	author = {Baddeley, Alan D and Hitch, Graham},
	title = {{Working memory}},
	journal = {Psychology of learning and motivation},
	publisher = {Academic Press},
	year = {1974},
	pages = {47--89}
}


@article{segal1947postulates,
  title={Postulates for general quantum mechanics},
  author={Segal, Irving E},
  journal={Annals of Mathematics},
  volume={48},
  number={4},
  pages={930--948},
  year={1947},
  publisher={JSTOR}
}

@book{quantuminfocambridge,
	author = {Nielsen, Michael A.; Chuang, Isaac L.},
	title = {Quantum computation and quantum information},
	edition = {10 ed.},
	publisher = {Cambridge Univ. Press.},
	address = {Cambridge, England},
	year = {2010},
	note = {ISBN 978-0-521-63503-5}
}

@article{couteau2018spontaneous,
  title={Spontaneous parametric down-conversion},
  author={Couteau, Christophe},
  journal={Contemporary Physics},
  volume={59},
  number={3},
  pages={291--304},
  year={2018},
  publisher={Taylor \& Francis}
}


